@String(PAMI = {IEEE Trans. Pattern Anal. Mach. Intell.})
@String(IJCV = {Int. J. Comput. Vis.})
@String(CVPR= {IEEE Conf. Comput. Vis. Pattern Recog.})
@String(ICCV= {Int. Conf. Comput. Vis.})
@String(ECCV= {Eur. Conf. Comput. Vis.})
@String(NIPS= {Adv. Neural Inform. Process. Syst.})
@String(ICPR = {Int. Conf. Pattern Recog.})
@String(BMVC= {Brit. Mach. Vis. Conf.})
@String(TOG= {ACM Trans. Graph.})
@String(TIP  = {IEEE Trans. Image Process.})
@String(TVCG  = {IEEE Trans. Vis. Comput. Graph.})
@String(TMM  = {IEEE Trans. Multimedia})
@String(ACMMM= {ACM Int. Conf. Multimedia})
@String(ICME = {Int. Conf. Multimedia and Expo})
@String(ICASSP=	{ICASSP})
@String(ICIP = {IEEE Int. Conf. Image Process.})
@String(ACCV  = {ACCV})
@String(ICLR = {Int. Conf. Learn. Represent.})
@String(IJCAI = {IJCAI})
@String(PR   = {Pattern Recognition})
@String(AAAI = {AAAI})
@String(CVPRW= {IEEE Conf. Comput. Vis. Pattern Recog. Worksh.})
@String(CSVT = {IEEE Trans. Circuit Syst. Video Technol.})

@String(SPL	= {IEEE Sign. Process. Letters})
@String(VR   = {Vis. Res.})
@String(JOV	 = {J. Vis.})
@String(TVC  = {The Vis. Comput.})
@String(JCST  = {J. Comput. Sci. Tech.})
@String(CGF  = {Comput. Graph. Forum})
@String(CVM = {Computational Visual Media})


@String(PAMI  = {IEEE TPAMI})
@String(IJCV  = {IJCV})
@String(CVPR  = {CVPR})
@String(ICCV  = {ICCV})
@String(ECCV  = {ECCV})
@String(NIPS  = {NeurIPS})
@String(ICPR  = {ICPR})
@String(BMVC  =	{BMVC})
@String(TOG   = {ACM TOG})
@String(TIP   = {IEEE TIP})
@String(TVCG  = {IEEE TVCG})
@String(TCSVT = {IEEE TCSVT})
@String(TMM   =	{IEEE TMM})
@String(ACMMM = {ACM MM})
@String(ICME  =	{ICME})
@String(ICASSP=	{ICASSP})
@String(ICIP  = {ICIP})
@String(ACCV  = {ACCV})
@String(ICLR  = {ICLR})
@String(IJCAI = {IJCAI})
@String(PR = {PR})
@String(AAAI = {AAAI})
@String(CVPRW= {CVPRW})
@String(CSVT = {IEEE TCSVT})

@inproceedings{pang2022masked,
  title={Masked autoencoders for point cloud self-supervised learning},
  author={Pang, Yatian and Wang, Wenxiao and Tay, Francis EH and Liu, Wei and Tian, Yonghong and Yuan, Li},
  booktitle={ECCV},
  year={2022},
}

@inproceedings{yu2022point,
  title={Point-bert: Pre-training 3d point cloud transformers with masked point modeling},
  author={Yu, Xumin and Tang, Lulu and Rao, Yongming and Huang, Tiejun and Zhou, Jie and Lu, Jiwen},
  booktitle={CVPR},
  year={2022}
}

@article{zhang2022point,
  title={Point-m2ae: multi-scale masked autoencoders for hierarchical point cloud pre-training},
  author={Zhang, Renrui and Guo, Ziyu and Gao, Peng and Fang, Rongyao and Zhao, Bin and Wang, Dong and Qiao, Yu and Li, Hongsheng},
  journal={NeurIPS},
  year={2022}
}

@inproceedings{afham2022crosspoint,
  title={Crosspoint: Self-supervised cross-modal contrastive learning for 3d point cloud understanding},
  author={Afham, Mohamed and Dissanayake, Isuru and Dissanayake, Dinithi and Dharmasiri, Amaya and Thilakarathna, Kanchana and Rodrigo, Ranga},
  booktitle={CVPR},
  year={2022}
}

@inproceedings{dong2022autoencoders,
  title={Autoencoders as Cross-Modal Teachers: Can Pretrained 2D Image Transformers Help 3D Representation Learning?},
  author={Dong, Runpei and Qi, Zekun and Zhang, Linfeng and Zhang, Junbo and Sun, Jianjian and Ge, Zheng and Yi, Li and Ma, Kaisheng},
  booktitle=ICLR,
  year={2022}
}

@inproceedings{liu2022masked,
  title={Masked discrimination for self-supervised learning on point clouds},
  author={Liu, Haotian and Cai, Mu and Lee, Yong Jae},
  booktitle={ECCV},
  year={2022},
}

@inproceedings{xie2020pointcontrast,
  title={Pointcontrast: Unsupervised pre-training for 3d point cloud understanding},
  author={Xie, Saining and Gu, Jiatao and Guo, Demi and Qi, Charles R and Guibas, Leonidas and Litany, Or},
  booktitle={ECCV},
  year={2020},
}

@inproceedings{qi2023contrast,
  title={Contrast with reconstruct: Contrastive 3d representation learning guided by generative pretraining},
  author={Qi, Zekun and Dong, Runpei and Fan, Guofan and Ge, Zheng and Zhang, Xiangyu and Ma, Kaisheng and Yi, Li},
  booktitle={ICML},
  year={2023},
}

@inproceedings{wang2021unsupervised,
  title={Unsupervised point cloud pre-training via occlusion completion},
  author={Wang, Hanchen and Liu, Qi and Yue, Xiangyu and Lasenby, Joan and Kusner, Matt J},
  booktitle={ICCV},
  year={2021}
}

@article{qi2024vpp,
  title={Vpp: Efficient conditional 3d generation via voxel-point progressive representation},
  author={Qi, Zekun and Yu, Muzhou and Dong, Runpei and Ma, Kaisheng},
  journal={NeurIPS},
  year={2024}
}

@inproceedings{zhang2023learning,
  title={Learning 3d representations from 2d pre-trained models via image-to-point masked autoencoders},
  author={Zhang, Renrui and Wang, Liuhui and Qiao, Yu and Gao, Peng and Li, Hongsheng},
  booktitle={CVPR},
  year={2023}
}

@article{hendrycks2016gaussian,
  title={Gaussian error linear units (gelus)},
  author={Hendrycks, Dan and Gimpel, Kevin},
  journal={arXiv},
  year={2016}
}

@inproceedings{zheng2024point,
  title={Point cloud pre-training with diffusion models},
  author={Zheng, Xiao and Huang, Xiaoshui and Mei, Guofeng and Hou, Yuenan and Lyu, Zhaoyang and Dai, Bo and Ouyang, Wanli and Gong, Yongshun},
  booktitle={CVPR},
  year={2024}
}

@inproceedings{liang2024pointmamba,
      title={PointMamba: A Simple State Space Model for Point Cloud Analysis}, 
      author={Liang, Dingkang and Zhou, Xin and Xu, Wei and Zhu, Xingkui and Zou, Zhikang and Ye, Xiaoqing and Tan, Xiao and Bai, Xiang},
      booktitle={NeurIPS},
      year={2024}
}

@article{liu2024point,
  title={Point mamba: A novel point cloud backbone based on state space model with octree-based ordering strategy},
  author={Liu, Jiuming and Yu, Ruiji and Wang, Yian and Zheng, Yu and Deng, Tianchen and Ye, Weicai and Wang, Hesheng},
  journal={arXiv},
  year={2024}
}

@article{wang2024serialized,
  title={Serialized Point Mamba: A Serialized Point Cloud Mamba Segmentation Model},
  author={Wang, Tao and Wen, Wei and Zhai, Jingzhi and Xu, Kang and Luo, Haoming},
  journal={arXiv},
  year={2024}
}

@inproceedings{wu2023attention,
  title={Attention-based point cloud edge sampling},
  author={Wu, Chengzhi and Zheng, Junwei and Pfrommer, Julius and Beyerer, J{\"u}rgen},
  booktitle={CVPR},
  year={2023}
}

@article{guo2021pct,
  title={Pct: Point cloud transformer},
  author={Guo, Meng-Hao and Cai, Jun-Xiong and Liu, Zheng-Ning and Mu, Tai-Jiang and Martin, Ralph R and Hu, Shi-Min},
  journal={CVM},
  year={2021},
}

@inproceedings{zhao2021point,
  title={Point transformer},
  author={Zhao, Hengshuang and Jiang, Li and Jia, Jiaya and Torr, Philip HS and Koltun, Vladlen},
  booktitle={ICCV},
  year={2021}
}

@inproceedings{park2022fast,
  title={Fast point transformer},
  author={Park, Chunghyun and Jeong, Yoonwoo and Cho, Minsu and Park, Jaesik},
  booktitle={CVPR},
  year={2022}
}

@inproceedings{zhang2022patchformer,
  title={Patchformer: An efficient point transformer with patch attention},
  author={Zhang, Cheng and Wan, Haocheng and Shen, Xinyi and Wu, Zizhao},
  booktitle={CVPR},
  year={2022}
}

@article{wu2022point,
  title={Point transformer v2: Grouped vector attention and partition-based pooling},
  author={Wu, Xiaoyang and Lao, Yixing and Jiang, Li and Liu, Xihui and Zhao, Hengshuang},
  journal={NeurIPS},
  year={2022}
}

@inproceedings{wu2024point,
  title={Point Transformer V3: Simpler Faster Stronger},
  author={Wu, Xiaoyang and Jiang, Li and Wang, Peng-Shuai and Liu, Zhijian and Liu, Xihui and Qiao, Yu and Ouyang, Wanli and He, Tong and Zhao, Hengshuang},
  booktitle={CVPR},
  year={2024}
}

@inproceedings{lai2022stratified,
  title={Stratified transformer for 3d point cloud segmentation},
  author={Lai, Xin and Liu, Jianhui and Jiang, Li and Wang, Liwei and Zhao, Hengshuang and Liu, Shu and Qi, Xiaojuan and Jia, Jiaya},
  booktitle={CVPR},
  year={2022}
}

@article{wang2019dynamic,
  title={Dynamic graph cnn for learning on point clouds},
  author={Wang, Yue and Sun, Yongbin and Liu, Ziwei and Sarma, Sanjay E and Bronstein, Michael M and Solomon, Justin M},
  journal={ACM TOG},
  year={2019},
}

@inproceedings{wang2018local,
  title={Local spectral graph convolution for point set feature learning},
  author={Wang, Chu and Samari, Babak and Siddiqi, Kaleem},
  booktitle={ECCV},
  year={2018}
}

@inproceedings{li2019deepgcns,
  title={Deepgcns: Can gcns go as deep as cnns?},
  author={Li, Guohao and Muller, Matthias and Thabet, Ali and Ghanem, Bernard},
  booktitle={ICCV},
  year={2019}
}

@article{zhang2022graph,
  title={Graph-PBN: Graph-based parallel branch network for efficient point cloud learning},
  author={Zhang, Cheng and Chen, Hao and Wan, Haocheng and Yang, Ping and Wu, Zizhao},
  journal={Graphical Models},
  year={2022},
}

@article{qi2017pointnet++,
  title={Pointnet++: Deep hierarchical feature learning on point sets in a metric space},
  author={Qi, Charles R and Yi, Li and Su, Hao and Guibas, Leonidas J},
  journal={NeurIPS},
  year={2017}
}

@article{qian2022pointnext,
  title={Pointnext: Revisiting pointnet++ with improved training and scaling strategies},
  author={Qian, Guocheng and Li, Yuchen and Peng, Houwen and Mai, Jinjie and Hammoud, Hasan and Elhoseiny, Mohamed and Ghanem, Bernard},
  journal={NeurIPS},
  year={2022}
}

@inproceedings{hamdi2021mvtn,
  title={Mvtn: Multi-view transformation network for 3d shape recognition},
  author={Hamdi, Abdullah and Giancola, Silvio and Ghanem, Bernard},
  booktitle={ICCV},
  year={2021}
}

@inproceedings{ran2022surface,
  title={Surface representation for point clouds},
  author={Ran, Haoxi and Liu, Jun and Wang, Chengjie},
  booktitle={CVPR},
  year={2022}
}

@inproceedings{hong2023attention,
  title={Attention discriminant sampling for point clouds},
  author={Hong, Cheng-Yao and Chou, Yu-Ying and Liu, Tyng-Luh},
  booktitle={ICCV},
  year={2023}
}

@inproceedings{qi2017pointnet,
  title={Pointnet: Deep learning on point sets for 3d classification and segmentation},
  author={Qi, Charles R and Su, Hao and Mo, Kaichun and Guibas, Leonidas J},
  booktitle={CVPR},
  year={2017}
}

@article{li2018pointcnn,
  title={Pointcnn: Convolution on x-transformed points},
  author={Li, Yangyan and Bu, Rui and Sun, Mingchao and Wu, Wei and Di, Xinhan and Chen, Baoquan},
  journal={NeurIPS},
  year={2018}
}

@inproceedings{wu2019pointconv,
  title={Pointconv: Deep convolutional networks on 3d point clouds},
  author={Wu, Wenxuan and Qi, Zhongang and Fuxin, Li},
  booktitle={CVPR},
  year={2019}
}

@article{ma2022rethinking,
  title={Rethinking network design and local geometry in point cloud: A simple residual MLP framework},
  author={Ma, Xu and Qin, Can and You, Haoxuan and Ran, Haoxi and Fu, Yun},
  journal={ICLR},
  year={2022}
}

@inproceedings{sun2024x,
  title={X-3d: Explicit 3d structure modeling for point cloud recognition},
  author={Sun, Shuofeng and Rao, Yongming and Lu, Jiwen and Yan, Haibin},
  booktitle={CVPR},
  year={2024}
}

@inproceedings{wang2024gpsformer,
  title={Gpsformer: A global perception and local structure fitting-based transformer for point cloud understanding},
  author={Wang, Changshuo and Wu, Meiqing and Lam, Siew-Kei and Ning, Xin and Yu, Shangshu and Wang, Ruiping and Li, Weijun and Srikanthan, Thambipillai},
  booktitle={ECCV},
  year={2024},
}

@inproceedings{houlsby2019parameter,
  title={Parameter-efficient transfer learning for NLP},
  author={Houlsby, Neil and Giurgiu, Andrei and Jastrzebski, Stanislaw and Morrone, Bruna and De Laroussilhe, Quentin and Gesmundo, Andrea and Attariyan, Mona and Gelly, Sylvain},
  booktitle={ICML},
  year={2019},
}

@inproceedings{jie2023fact,
  title={Fact: Factor-tuning for lightweight adaptation on vision transformer},
  author={Jie, Shibo and Deng, Zhi-Hong},
  booktitle={AAAI},
  year={2023}
}

@article{karimi2021compacter,
  title={Compacter: Efficient low-rank hypercomplex adapter layers},
  author={Karimi Mahabadi, Rabeeh and Henderson, James and Ruder, Sebastian},
  journal={NeurIPS},
  year={2021}
}

@inproceedings{jia2022visual,
  title={Visual prompt tuning},
  author={Jia, Menglin and Tang, Luming and Chen, Bor-Chun and Cardie, Claire and Belongie, Serge and Hariharan, Bharath and Lim, Ser-Nam},
  booktitle={ECCV},
  year={2022},
}

@article{lian2022scaling,
  title={Scaling \& shifting your features: A new baseline for efficient model tuning},
  author={Lian, Dongze and Zhou, Daquan and Feng, Jiashi and Wang, Xinchao},
  journal={NeurIPS},
  year={2022}
}

@article{sung2022lst,
  title={Lst: Ladder side-tuning for parameter and memory efficient transfer learning},
  author={Sung, Yi-Lin and Cho, Jaemin and Bansal, Mohit},
  journal={NeurIPS},
  year={2022}
}

@inproceedings{hu2021lora,
  title={LoRA: Low-Rank Adaptation of Large Language Models},
  author={Hu, Edward J and Wallis, Phillip and Allen-Zhu, Zeyuan and Li, Yuanzhi and Wang, Shean and Wang, Lu and Chen, Weizhu and others},
  booktitle=ICLR,
  year={2021}
}

@inproceedings{zaken2022bitfit,
  title={BitFit: Simple Parameter-efficient Fine-tuning for Transformer-based Masked Language-models},
  author={Zaken, Elad Ben and Goldberg, Yoav and Ravfogel, Shauli},
  booktitle={ACL},
  year={2022}
}

@inproceedings{lester-etal-2021-power,
    title = "The Power of Scale for Parameter-Efficient Prompt Tuning",
    author = {Lester, Brian and Al-Rfou, Rami and Constant, Noah},
    booktitle = {EMNLP},
    year = "2021",
}

@inproceedings{li2021prefix,
  title={Prefix-Tuning: Optimizing Continuous Prompts for Generation},
  author={Li, Xiang Lisa and Liang, Percy},
  booktitle={ACL},
  year={2021}
}

@article{chen2022adaptformer,
  title={Adaptformer: Adapting vision transformers for scalable visual recognition},
  author={Chen, Shoufa and Ge, Chongjian and Tong, Zhan and Wang, Jiangliu and Song, Yibing and Wang, Jue and Luo, Ping},
  journal={NIPS},
  year={2022}
}

@inproceedings{shi2024dept,
title={DePT: Decomposed Prompt Tuning for Parameter-Efficient Fine-tuning},
author={Zhengxiang Shi and Aldo Lipani},
booktitle={ICLR},
year={2024},
}

@inproceedings{Gao2024Fourier,
  author = {Ziqi Gao and Qichao Wang and Aochuan Chen and Zijing Liu and Bingzhe Wu and Liang Chen and Jia Li},
  title = {Parameter-Efficient Fine-Tuning with Discrete Fourier Transform},
  booktitle = {ICML},
  year = {2024},
}

@inproceedings{jie2023revisiting,
  title={Revisiting the parameter efficiency of adapters from the perspective of precision redundancy},
  author={Jie, Shibo and Wang, Haoqing and Deng, Zhi-Hong},
  booktitle={ICCV},
  year={2023}
}

@article{zhao2024sct,
  title={Sct: A simple baseline for parameter-efficient fine-tuning via salient channels},
  author={Zhao, Henry Hengyuan and Wang, Pichao and Zhao, Yuyang and Luo, Hao and Wang, Fan and Shou, Mike Zheng},
  journal={IJCV},
  year={2024},
}

@article{chang2015shapenet,
  title={Shapenet: An information-rich 3d model repository},
  author={Chang, Angel X and Funkhouser, Thomas and Guibas, Leonidas and Hanrahan, Pat and Huang, Qixing and Li, Zimo and Savarese, Silvio and Savva, Manolis and Song, Shuran and Su, Hao and others},
  journal={arXiv},
  year={2015}
}

@inproceedings{wu20153d,
  title={3d shapenets: A deep representation for volumetric shapes},
  author={Wu, Zhirong and Song, Shuran and Khosla, Aditya and Yu, Fisher and Zhang, Linguang and Tang, Xiaoou and Xiao, Jianxiong},
  booktitle={CVPR},
  year={2015}
}

@article{yi2016scalable,
  title={A scalable active framework for region annotation in 3d shape collections},
  author={Yi, Li and Kim, Vladimir G and Ceylan, Duygu and Shen, I-Chao and Yan, Mengyan and Su, Hao and Lu, Cewu and Huang, Qixing and Sheffer, Alla and Guibas, Leonidas},
  journal={ACM TOG},
  year={2016},
}

@inproceedings{uy2019revisiting,
  title={Revisiting point cloud classification: A new benchmark dataset and classification model on real-world data},
  author={Uy, Mikaela Angelina and Pham, Quang-Hieu and Hua, Binh-Son and Nguyen, Thanh and Yeung, Sai-Kit},
  booktitle={ICCV},
  year={2019}
}

@inproceedings{armeni20163d,
  title={3d semantic parsing of large-scale indoor spaces},
  author={Armeni, Iro and Sener, Ozan and Zamir, Amir R and Jiang, Helen and Brilakis, Ioannis and Fischer, Martin and Savarese, Silvio},
  booktitle={CVPR},
  year={2016}
}

@inproceedings{dai2017scannet,
    title={ScanNet: Richly-annotated 3D Reconstructions of Indoor Scenes},
    author={Dai, Angela and Chang, Angel X. and Savva, Manolis and Halber, Maciej and Funkhouser, Thomas and Nie{\ss}ner, Matthias},
    booktitle = {CVPR},
    year = {2017}
}

@inproceedings{zha2023instance,
  title={Instance-aware dynamic prompt tuning for pre-trained point cloud models},
  author={Zha, Yaohua and Wang, Jinpeng and Dai, Tao and Chen, Bin and Wang, Zhi and Xia, Shu-Tao},
  booktitle={ICCV},
  year={2023}
}

@inproceedings{tang2024point,
  title={Point-PEFT: Parameter-efficient fine-tuning for 3D pre-trained models},
  author={Tang, Yiwen and Zhang, Ray and Guo, Zoey and Ma, Xianzheng and Zhao, Bin and Wang, Zhigang and Wang, Dong and Li, Xuelong},
  booktitle={AAAI},
  year={2024}
}

@inproceedings{zhou2024dynamic,
  title={Dynamic Adapter Meets Prompt Tuning: Parameter-Efficient Transfer Learning for Point Cloud Analysis},
  author={Zhou, Xin and Liang, Dingkang and Xu, Wei and Zhu, Xingkui and Xu, Yihan and Zou, Zhikang and Bai, Xiang},
  booktitle={CVPR},
  year={2024}
}

@article{liang2024parameter,
  title={Parameter-Efficient Fine-Tuning in Spectral Domain for Point Cloud Learning},
  author={Liang, Dingkang and Feng, Tianrui and Zhou, Xin and Zhang, Yumeng and Zou, Zhikang and Bai, Xiang},
  journal={arXiv},
  year={2024}
}

@article{zhang2024positional,
  title={Positional Prompt Tuning for Efficient 3D Representation Learning},
  author={Zhang, Shaochen and Qi, Zekun and Dong, Runpei and Bai, Xiuxiu and Wei, Xing},
  journal={arXiv},
  year={2024}
}

@article{wang2025pointlora,
  title={PointLoRA: Low-Rank Adaptation with Token Selection for Point Cloud Learning},
  author={Wang, Song and Liu, Xiaolu and Kong, Lingdong and Xu, Jianyun and Hu, Chunyong and Fang, Gongfan and Li, Wentong and Zhu, Jianke and Wang, Xinchao},
  booktitle={CVPR},
  year={2025}
}

@article{devlin2018bert,
  title={BERT: Pre-training of Deep Bidirectional Transformers for Language Understanding},
  author={Devlin, Jacob and Chang, Ming-Wei and Lee, Kenton and Toutanova, Kristina},
  journal={arXiv},
  year={2018}
}

@article{brown2020language,
  title={Language models are few-shot learners},
  author={Brown, Tom B},
  journal={arXiv},
  year={2020}
}

@inproceedings{2020ALBERT,
  title={ALBERT: A Lite BERT for Self-supervised Learning of Language Representations},
  author={ Lan, Zhenzhong  and  Chen, Mingda  and  Goodman, Sebastian  and  Gimpel, Kevin  and  Sharma, Piyush  and  Soricut, Radu },
  booktitle={ICLR},
  year={2020},
}

@article{raffel2020exploring,
  title={Exploring the limits of transfer learning with a unified text-to-text transformer},
  author={Raffel, Colin and Shazeer, Noam and Roberts, Adam and Lee, Katherine and Narang, Sharan and Matena, Michael and Zhou, Yanqi and Li, Wei and Liu, Peter J},
  journal={JMLR},
  year={2020}
}

@article{touvron2023llama,
  title={Llama 2: Open foundation and fine-tuned chat models},
  author={Touvron, Hugo and Martin, Louis and Stone, Kevin and Albert, Peter and Almahairi, Amjad and Babaei, Yasmine and Bashlykov, Nikolay and Batra, Soumya and Bhargava, Prajjwal and Bhosale, Shruti and others},
  journal={arXiv},
  year={2023}
}

@article{team2024gemma,
  title={Gemma: Open models based on gemini research and technology},
  author={Team, Gemma and Mesnard, Thomas and Hardin, Cassidy and Dadashi, Robert and Bhupatiraju, Surya and Pathak, Shreya and Sifre, Laurent and Rivi{\`e}re, Morgane and Kale, Mihir Sanjay and Love, Juliette and others},
  journal={arXiv},
  year={2024}
}

@inproceedings{he2020momentum,
  title={Momentum contrast for unsupervised visual representation learning},
  author={He, Kaiming and Fan, Haoqi and Wu, Yuxin and Xie, Saining and Girshick, Ross},
  booktitle={CVPR},
  year={2020}
}

@article{chen2020improved,
  title={Improved baselines with momentum contrastive learning},
  author={Chen, Xinlei and Fan, Haoqi and Girshick, Ross and He, Kaiming},
  journal={arXiv},
  year={2020}
}

@inproceedings{chen2021empirical,
  title={An empirical study of training self-supervised vision transformers},
  author={Chen, Xinlei and Xie, Saining and He, Kaiming},
  booktitle={ICCV},
  year={2021}
}

@inproceedings{he2022masked,
  title={Masked autoencoders are scalable vision learners},
  author={He, Kaiming and Chen, Xinlei and Xie, Saining and Li, Yanghao and Doll{\'a}r, Piotr and Girshick, Ross},
  booktitle={CVPR},
  year={2022}
}

@inproceedings{xie2022simmim,
  title={Simmim: A simple framework for masked image modeling},
  author={Xie, Zhenda and Zhang, Zheng and Cao, Yue and Lin, Yutong and Bao, Jianmin and Yao, Zhuliang and Dai, Qi and Hu, Han},
  booktitle={CVPR},
  year={2022}
}

@inproceedings{yeh2022decoupled,
  title={Decoupled contrastive learning},
  author={Yeh, Chun-Hsiao and Hong, Cheng-Yao and Hsu, Yen-Chi and Liu, Tyng-Luh and Chen, Yubei and LeCun, Yann},
  booktitle={ECCV},
  year={2022},
}

@inproceedings{dosovitskiy2020image,
  title={An image is worth 16x16 words: Transformers for image recognition at scale},
  author={Dosovitskiy, Alexey and Beyer, Lucas and Kolesnikov, Alexander and Weissenborn, Dirk and Zhai, Xiaohua and Unterthiner, Thomas and Dehghani, Mostafa and Minderer, Matthias and Heigold, Georg and Gelly, Sylvain and others},
  booktitle={ICLR},
  year={2021}
}

@article{van2008visualizing,
  title={Visualizing data using t-SNE.},
  author={Van der Maaten, Laurens and Hinton, Geoffrey},
  journal={JMLR},
  year={2008}
}

@inproceedings{panda2014smoothing,
  title={A smoothing based task scheduling algorithm for heterogeneous multi-cloud environment},
  author={Panda, Sanjaya K and Nag, Subhrajit and Jana, Prasanta K},
  booktitle={PDGC},
  year={2014},
}

@article{chen2022vitadapter,
  title={Vision Transformer Adapter for Dense Predictions},
  author={Chen, Zhe and Duan, Yuchen and Wang, Wenhai and He, Junjun and Lu, Tong and Dai, Jifeng and Qiao, Yu},
  journal={arXiv},
  year={2022}
}

@inproceedings{yang2024visual,
  title={Visual point cloud forecasting enables scalable autonomous driving},
  author={Yang, Zetong and Chen, Li and Sun, Yanan and Li, Hongyang},
  booktitle={CVPR},
  year={2024}
}

@inproceedings{song2024graphbev,
  title={Graphbev: Towards robust bev feature alignment for multi-modal 3d object detection},
  author={Song, Ziying and Yang, Lei and Xu, Shaoqing and Liu, Lin and Xu, Dongyang and Jia, Caiyan and Jia, Feiyang and Wang, Li},
  booktitle={ECCV},
  year={2024},
}

@article{chen20203d,
  title={3d point cloud processing and learning for autonomous driving},
  author={Chen, Siheng and Liu, Baoan and Feng, Chen and Vallespi-Gonzalez, Carlos and Wellington, Carl},
  journal={arXiv},
  year={2020}
}

@article{casado2023rendering,
  title={Rendering massive indoor point clouds in virtual reality},
  author={Casado-Coscolla, Alvaro and Sanchez-Belenguer, Carlos and Wolfart, Erik and Sequeira, Vitor},
  journal={VR},
  year={2023},
}

@inproceedings{garrido2021point,
  title={Point cloud interaction and manipulation in virtual reality},
  author={Garrido, Daniel and Rodrigues, Rui and Augusto Sousa, A and Jacob, Joao and Castro Silva, Daniel},
  booktitle={AIVR},
  year={2021}
}

@article{wang2021trajectory,
  title={Trajectory planning and optimization for robotic machining based on measured point cloud},
  author={Wang, Gang and Li, Wenlong and Jiang, Cheng and Zhu, Dahu and Li, Zhongwei and Xu, Wei and Zhao, Huan and Ding, Han},
  journal={IEEE T-RO},
  year={2021},
}

@article{chen2022direct,
  title={Direct lidar odometry: Fast localization with dense point clouds},
  author={Chen, Kenny and Lopez, Brett T and Agha-mohammadi, Ali-akbar and Mehta, Ankur},
  journal={IEEE RAL},
  year={2022},
}

@inproceedings{christen2023learning,
  title={Learning human-to-robot handovers from point clouds},
  author={Christen, Sammy and Yang, Wei and P{\'e}rez-D’Arpino, Claudia and Hilliges, Otmar and Fox, Dieter and Chao, Yu-Wei},
  booktitle={CVPR},
  year={2023}
}

@article{vahdat2018dvae,
  title={Dvae\#: Discrete variational autoencoders with relaxed boltzmann priors},
  author={Vahdat, Arash and Andriyash, Evgeny and Macready, William},
  journal={NeurIPS},
  year={2018}
}
