@Article{kerbl3Dgaussians,
      author={Kerbl, Bernhard and Kopanas, Georgios and Leimk{\"u}hler, Thomas and Drettakis, George},
      title={3D Gaussian Splatting for Real-Time Radiance Field Rendering},
      journal={ACM Transactions on Graphics},
      number={4},
      volume={42},
      month={July},
      year={2023},
      url={https://repo-sam.inria.fr/fungraph/3d-gaussian-splatting/}
}

@article{xu2024grid4d,
    title={{Grid4D}: {4D} Decomposed Hash Encoding for High-fidelity Dynamic Scene Rendering},
    author={Jiawei, Xu and Zexin, Fan and Jian, Yang and Jin, Xie},
    journal={The Thirty-eighth Annual Conference on Neural Information Processing Systems},
    year={2024},
}

@article{yang2023deformable3dgs,
    title={Deformable 3D Gaussians for High-Fidelity Monocular Dynamic Scene Reconstruction},
    author={Yang, Ziyi and Gao, Xinyu and Zhou, Wen and Jiao, Shaohui and Zhang, Yuqing and Jin, Xiaogang},
    journal={arXiv preprint arXiv:2309.13101},
    year={2023}
}

@article{wang2024v,
  title={V\^{} 3: Viewing Volumetric Videos on Mobiles via Streamable 2D Dynamic Gaussians},
  author={Wang, Penghao and Zhang, Zhirui and Wang, Liao and Yao, Kaixin and Xie, Siyuan and Yu, Jingyi and Wu, Minye and Xu, Lan},
  journal={arXiv preprint arXiv:2409.13648},
  year={2024}
}

@inproceedings{wu20244d,
  title={4d gaussian splatting for real-time dynamic scene rendering},
  author={Wu, Guanjun and Yi, Taoran and Fang, Jiemin and Xie, Lingxi and Zhang, Xiaopeng and Wei, Wei and Liu, Wenyu and Tian, Qi and Wang, Xinggang},
  booktitle={Proceedings of the IEEE/CVF Conference on Computer Vision and Pattern Recognition},
  pages={20310--20320},
  year={2024}
}

@inproceedings{yang2024deformable,
  title={Deformable 3d gaussians for high-fidelity monocular dynamic scene reconstruction},
  author={Yang, Ziyi and Gao, Xinyu and Zhou, Wen and Jiao, Shaohui and Zhang, Yuqing and Jin, Xiaogang},
  booktitle={Proceedings of the IEEE/CVF Conference on Computer Vision and Pattern Recognition},
  pages={20331--20341},
  year={2024}
}

@inproceedings{huang2024sc,
  title={Sc-gs: Sparse-controlled gaussian splatting for editable dynamic scenes},
  author={Huang, Yi-Hua and Sun, Yang-Tian and Yang, Ziyi and Lyu, Xiaoyang and Cao, Yan-Pei and Qi, Xiaojuan},
  booktitle={Proceedings of the IEEE/CVF Conference on Computer Vision and Pattern Recognition},
  pages={4220--4230},
  year={2024}
}

@inproceedings{duan20244d,
  title={4d-rotor gaussian splatting: towards efficient novel view synthesis for dynamic scenes},
  author={Duan, Yuanxing and Wei, Fangyin and Dai, Qiyu and He, Yuhang and Chen, Wenzheng and Chen, Baoquan},
  booktitle={ACM SIGGRAPH 2024 Conference Papers},
  pages={1--11},
  year={2024}
}

@inproceedings{li2024spacetime,
  title={Spacetime gaussian feature splatting for real-time dynamic view synthesis},
  author={Li, Zhan and Chen, Zhang and Li, Zhong and Xu, Yi},
  booktitle={Proceedings of the IEEE/CVF Conference on Computer Vision and Pattern Recognition},
  pages={8508--8520},
  year={2024}
}

@inproceedings{lin2024gaussian,
  title={Gaussian-flow: 4d reconstruction with dynamic 3d gaussian particle},
  author={Lin, Youtian and Dai, Zuozhuo and Zhu, Siyu and Yao, Yao},
  booktitle={Proceedings of the IEEE/CVF Conference on Computer Vision and Pattern Recognition},
  pages={21136--21145},
  year={2024}
}

@inproceedings{luiten2024dynamic,
  title={Dynamic 3d gaussians: Tracking by persistent dynamic view synthesis},
  author={Luiten, Jonathon and Kopanas, Georgios and Leibe, Bastian and Ramanan, Deva},
  booktitle={2024 International Conference on 3D Vision (3DV)},
  pages={800--809},
  year={2024},
  organization={IEEE}
}

@article{yang2023real,
  title={Real-time photorealistic dynamic scene representation and rendering with 4d gaussian splatting},
  author={Yang, Zeyu and Yang, Hongye and Pan, Zijie and Zhang, Li},
  journal={arXiv preprint arXiv:2310.10642},
  year={2023}
}

@article{duisterhof2023md,
  title={Md-splatting: Learning metric deformation from 4d gaussians in highly deformable scenes},
  author={Duisterhof, Bardienus P and Mandi, Zhao and Yao, Yunchao and Liu, Jia-Wei and Shou, Mike Zheng and Song, Shuran and Ichnowski, Jeffrey},
  journal={arXiv preprint arXiv:2312.00583},
  year={2023}
}

@article{kratimenos2023dynmf,
  title={Dynmf: Neural motion factorization for real-time dynamic view synthesis with 3d gaussian splatting},
  author={Kratimenos, Agelos and Lei, Jiahui and Daniilidis, Kostas},
  journal={arXiv preprint arXiv:2312.00112},
  year={2023}
}

@article{liang2023gaufre,
  title={Gaufre: Gaussian deformation fields for real-time dynamic novel view synthesis},
  author={Liang, Yiqing and Khan, Numair and Li, Zhengqin and Nguyen-Phuoc, Thu and Lanman, Douglas and Tompkin, James and Xiao, Lei},
  journal={arXiv preprint arXiv:2312.11458},
  year={2023}
}

@inproceedings{lu20243d,
  title={3d geometry-aware deformable gaussian splatting for dynamic view synthesis},
  author={Lu, Zhicheng and Guo, Xiang and Hui, Le and Chen, Tianrui and Yang, Min and Tang, Xiao and Zhu, Feng and Dai, Yuchao},
  booktitle={Proceedings of the IEEE/CVF Conference on Computer Vision and Pattern Recognition},
  pages={8900--8910},
  year={2024}
}

@inproceedings{sun20243dgstream,
  title={3dgstream: On-the-fly training of 3d gaussians for efficient streaming of photo-realistic free-viewpoint videos},
  author={Sun, Jiakai and Jiao, Han and Li, Guangyuan and Zhang, Zhanjie and Zhao, Lei and Xing, Wei},
  booktitle={Proceedings of the IEEE/CVF Conference on Computer Vision and Pattern Recognition},
  pages={20675--20685},
  year={2024}
}

@inproceedings{yu2024cogs,
  title={Cogs: Controllable gaussian splatting},
  author={Yu, Heng and Julin, Joel and Milacski, Zolt{\'a}n {\'A} and Niinuma, Koichiro and Jeni, L{\'a}szl{\'o} A},
  booktitle={Proceedings of the IEEE/CVF Conference on Computer Vision and Pattern Recognition},
  pages={21624--21633},
  year={2024}
}
