@article{xu2024grid4d,
    title={{Grid4D}: {4D} Decomposed Hash Encoding for High-fidelity Dynamic Scene Rendering},
    author={Jiawei, Xu and Zexin, Fan and Jian, Yang and Jin, Xie},
    journal={The Thirty-eighth Annual Conference on Neural Information Processing Systems},
    year={2024},
}

@article{yang2023deformable3dgs,
    title={Deformable 3D Gaussians for High-Fidelity Monocular Dynamic Scene Reconstruction},
    author={Yang, Ziyi and Gao, Xinyu and Zhou, Wen and Jiao, Shaohui and Zhang, Yuqing and Jin, Xiaogang},
    journal={arXiv preprint arXiv:2309.13101},
    year={2023}
}

@article{wang2024v,
  title={V\^{} 3: Viewing Volumetric Videos on Mobiles via Streamable 2D Dynamic Gaussians},
  author={Wang, Penghao and Zhang, Zhirui and Wang, Liao and Yao, Kaixin and Xie, Siyuan and Yu, Jingyi and Wu, Minye and Xu, Lan},
  journal={arXiv preprint arXiv:2409.13648},
  year={2024}
}

@inproceedings{wu20244d,
  title={4d gaussian splatting for real-time dynamic scene rendering},
  author={Wu, Guanjun and Yi, Taoran and Fang, Jiemin and Xie, Lingxi and Zhang, Xiaopeng and Wei, Wei and Liu, Wenyu and Tian, Qi and Wang, Xinggang},
  booktitle={Proceedings of the IEEE/CVF Conference on Computer Vision and Pattern Recognition},
  pages={20310--20320},
  year={2024}
}

@inproceedings{yang2024deformable,
  title={Deformable 3d gaussians for high-fidelity monocular dynamic scene reconstruction},
  author={Yang, Ziyi and Gao, Xinyu and Zhou, Wen and Jiao, Shaohui and Zhang, Yuqing and Jin, Xiaogang},
  booktitle={Proceedings of the IEEE/CVF Conference on Computer Vision and Pattern Recognition},
  pages={20331--20341},
  year={2024}
}

@inproceedings{huang2024sc,
  title={Sc-gs: Sparse-controlled gaussian splatting for editable dynamic scenes},
  author={Huang, Yi-Hua and Sun, Yang-Tian and Yang, Ziyi and Lyu, Xiaoyang and Cao, Yan-Pei and Qi, Xiaojuan},
  booktitle={Proceedings of the IEEE/CVF Conference on Computer Vision and Pattern Recognition},
  pages={4220--4230},
  year={2024}
}

@inproceedings{gao2021dynamic,
  title={Dynamic view synthesis from dynamic monocular video},
  author={Gao, Chen and Saraf, Ayush and Kopf, Johannes and Huang, Jia-Bin},
  booktitle={Proceedings of the IEEE/CVF International Conference on Computer Vision},
  pages={5712--5721},
  year={2021}
}

@inproceedings{tretschk2021non,
  title={Non-rigid neural radiance fields: Reconstruction and novel view synthesis of a dynamic scene from monocular video},
  author={Tretschk, Edgar and Tewari, Ayush and Golyanik, Vladislav and Zollh{\"o}fer, Michael and Lassner, Christoph and Theobalt, Christian},
  booktitle={Proceedings of the IEEE/CVF International Conference on Computer Vision},
  pages={12959--12970},
  year={2021}
}

@inproceedings{li2022neural,
  title={Neural 3d video synthesis from multi-view video},
  author={Li, Tianye and Slavcheva, Mira and Zollhoefer, Michael and Green, Simon and Lassner, Christoph and Kim, Changil and Schmidt, Tanner and Lovegrove, Steven and Goesele, Michael and Newcombe, Richard and others},
  booktitle={Proceedings of the IEEE/CVF Conference on Computer Vision and Pattern Recognition},
  pages={5521--5531},
  year={2022}
}

@article{park2021hypernerf,
  title={Hypernerf: A higher-dimensional representation for topologically varying neural radiance fields},
  author={Park, Keunhong and Sinha, Utkarsh and Hedman, Peter and Barron, Jonathan T and Bouaziz, Sofien and Goldman, Dan B and Martin-Brualla, Ricardo and Seitz, Steven M},
  journal={arXiv preprint arXiv:2106.13228},
  year={2021}
}

@inproceedings{choe2023spacetime,
  title={Spacetime surface regularization for neural dynamic scene reconstruction},
  author={Choe, Jaesung and Choy, Christopher and Park, Jaesik and Kweon, In So and Anandkumar, Anima},
  booktitle={Proceedings of the IEEE/CVF International Conference on Computer Vision},
  pages={17871--17881},
  year={2023}
}

@inproceedings{du2021neural,
  title={Neural radiance flow for 4d view synthesis and video processing},
  author={Du, Yilun and Zhang, Yinan and Yu, Hong-Xing and Tenenbaum, Joshua B and Wu, Jiajun},
  booktitle={2021 IEEE/CVF International Conference on Computer Vision (ICCV)},
  pages={14304--14314},
  year={2021},
  organization={IEEE Computer Society}
}

@inproceedings{guo2023forward,
  title={Forward flow for novel view synthesis of dynamic scenes},
  author={Guo, Xiang and Sun, Jiadai and Dai, Yuchao and Chen, Guanying and Ye, Xiaoqing and Tan, Xiao and Ding, Errui and Zhang, Yumeng and Wang, Jingdong},
  booktitle={Proceedings of the IEEE/CVF International Conference on Computer Vision},
  pages={16022--16033},
  year={2023}
}

@inproceedings{li2021neural,
  title={Neural scene flow fields for space-time view synthesis of dynamic scenes},
  author={Li, Zhengqi and Niklaus, Simon and Snavely, Noah and Wang, Oliver},
  booktitle={Proceedings of the IEEE/CVF Conference on Computer Vision and Pattern Recognition},
  pages={6498--6508},
  year={2021}
}

@inproceedings{li2023dynibar,
  title={Dynibar: Neural dynamic image-based rendering},
  author={Li, Zhengqi and Wang, Qianqian and Cole, Forrester and Tucker, Richard and Snavely, Noah},
  booktitle={Proceedings of the IEEE/CVF Conference on Computer Vision and Pattern Recognition},
  pages={4273--4284},
  year={2023}
}

@inproceedings{liang2023semantic,
  title={Semantic attention flow fields for monocular dynamic scene decomposition},
  author={Liang, Yiqing and Laidlaw, Eliot and Meyerowitz, Alexander and Sridhar, Srinath and Tompkin, James},
  booktitle={Proceedings of the IEEE/CVF International Conference on Computer Vision},
  pages={21797--21806},
  year={2023}
}

@inproceedings{wang2023flow,
  title={Flow supervision for deformable nerf},
  author={Wang, Chaoyang and MacDonald, Lachlan Ewen and Jeni, Laszlo A and Lucey, Simon},
  booktitle={Proceedings of the IEEE/CVF Conference on Computer Vision and Pattern Recognition},
  pages={21128--21137},
  year={2023}
}

@inproceedings{yang2022banmo,
  title={Banmo: Building animatable 3d neural models from many casual videos},
  author={Yang, Gengshan and Vo, Minh and Neverova, Natalia and Ramanan, Deva and Vedaldi, Andrea and Joo, Hanbyul},
  booktitle={Proceedings of the IEEE/CVF Conference on Computer Vision and Pattern Recognition},
  pages={2863--2873},
  year={2022}
}

@article{pumarola2020d,
  title={D-NeRF: Neural Radiance Fields for Dynamic Scenes},
  author={Pumarola, Albert and Corona, Enric and Pons-Moll, Gerard and Moreno-Noguer, Francesc},
  journal={arXiv preprint arXiv:2011.13961},
  year={2020}
}

@inproceedings{yan2023nerf,
  title={NeRF-DS: Neural Radiance Fields for Dynamic Specular Objects},
  author={Yan, Zhiwen and Li, Chen and Lee, Gim Hee},
  booktitle={Proceedings of the IEEE/CVF Conference on Computer Vision and Pattern Recognition},
  pages={8285--8295},
  year={2023}
}

@article{cai2022neural,
  title={Neural surface reconstruction of dynamic scenes with monocular rgb-d camera},
  author={Cai, Hongrui and Feng, Wanquan and Feng, Xuetao and Wang, Yan and Zhang, Juyong},
  journal={Advances in Neural Information Processing Systems},
  volume={35},
  pages={967--981},
  year={2022}
}

@inproceedings{liu2023robust,
  title={Robust dynamic radiance fields},
  author={Liu, Yu-Lun and Gao, Chen and Meuleman, Andreas and Tseng, Hung-Yu and Saraf, Ayush and Kim, Changil and Chuang, Yung-Yu and Kopf, Johannes and Huang, Jia-Bin},
  booktitle={Proceedings of the IEEE/CVF Conference on Computer Vision and Pattern Recognition},
  pages={13--23},
  year={2023}
}

@article{muller2022instant,
  title={Instant neural graphics primitives with a multiresolution hash encoding},
  author={M{\"u}ller, Thomas and Evans, Alex and Schied, Christoph and Keller, Alexander},
  journal={ACM transactions on graphics (TOG)},
  volume={41},
  number={4},
  pages={1--15},
  year={2022},
  publisher={ACM New York, NY, USA}
}

@inproceedings{cao2023hexplane,
  title={Hexplane: A fast representation for dynamic scenes},
  author={Cao, Ang and Johnson, Justin},
  booktitle={Proceedings of the IEEE/CVF Conference on Computer Vision and Pattern Recognition},
  pages={130--141},
  year={2023}
}

@inproceedings{fridovich2023k,
  title={K-planes: Explicit radiance fields in space, time, and appearance},
  author={Fridovich-Keil, Sara and Meanti, Giacomo and Warburg, Frederik Rahb{\ae}k and Recht, Benjamin and Kanazawa, Angjoo},
  booktitle={Proceedings of the IEEE/CVF Conference on Computer Vision and Pattern Recognition},
  pages={12479--12488},
  year={2023}
}

@inproceedings{shao2023tensor4d,
  title={Tensor4d: Efficient neural 4d decomposition for high-fidelity dynamic reconstruction and rendering},
  author={Shao, Ruizhi and Zheng, Zerong and Tu, Hanzhang and Liu, Boning and Zhang, Hongwen and Liu, Yebin},
  booktitle={Proceedings of the IEEE/CVF Conference on Computer Vision and Pattern Recognition},
  pages={16632--16642},
  year={2023}
}

@inproceedings{somraj2024factorized,
  title={Factorized Motion Fields for Fast Sparse Input Dynamic View Synthesis},
  author={Somraj, Nagabhushan and Choudhary, Kapil and Mupparaju, Sai Harsha and Soundararajan, Rajiv},
  booktitle={ACM SIGGRAPH 2024 Conference Papers},
  pages={1--12},
  year={2024}
}

@inproceedings{xu20244k4d,
  title={4k4d: Real-time 4d view synthesis at 4k resolution},
  author={Xu, Zhen and Peng, Sida and Lin, Haotong and He, Guangzhao and Sun, Jiaming and Shen, Yujun and Bao, Hujun and Zhou, Xiaowei},
  booktitle={Proceedings of the IEEE/CVF Conference on Computer Vision and Pattern Recognition},
  pages={20029--20040},
  year={2024}
}

@inproceedings{fang2022fast,
  title={Fast dynamic radiance fields with time-aware neural voxels},
  author={Fang, Jiemin and Yi, Taoran and Wang, Xinggang and Xie, Lingxi and Zhang, Xiaopeng and Liu, Wenyu and Nie{\ss}ner, Matthias and Tian, Qi},
  booktitle={SIGGRAPH Asia 2022 Conference Papers},
  pages={1--9},
  year={2022}
}

@inproceedings{park2023temporal,
  title={Temporal interpolation is all you need for dynamic neural radiance fields},
  author={Park, Sungheon and Son, Minjung and Jang, Seokhwan and Ahn, Young Chun and Kim, Ji-Yeon and Kang, Nahyup},
  booktitle={Proceedings of the IEEE/CVF Conference on Computer Vision and Pattern Recognition},
  pages={4212--4221},
  year={2023}
}

@article{song2023nerfplayer,
  title={Nerfplayer: A streamable dynamic scene representation with decomposed neural radiance fields},
  author={Song, Liangchen and Chen, Anpei and Li, Zhong and Chen, Zhang and Chen, Lele and Yuan, Junsong and Xu, Yi and Geiger, Andreas},
  journal={IEEE Transactions on Visualization and Computer Graphics},
  volume={29},
  number={5},
  pages={2732--2742},
  year={2023},
  publisher={IEEE}
}

@article{wang2024masked,
  title={Masked space-time hash encoding for efficient dynamic scene reconstruction},
  author={Wang, Feng and Chen, Zilong and Wang, Guokang and Song, Yafei and Liu, Huaping},
  journal={Advances in Neural Information Processing Systems},
  volume={36},
  year={2024}
}

@inproceedings{wang2023mixed,
  title={Mixed neural voxels for fast multi-view video synthesis},
  author={Wang, Feng and Tan, Sinan and Li, Xinghang and Tian, Zeyue and Song, Yafei and Liu, Huaping},
  booktitle={Proceedings of the IEEE/CVF International Conference on Computer Vision},
  pages={19706--19716},
  year={2023}
}

@article{liu2022devrf,
  title={Devrf: Fast deformable voxel radiance fields for dynamic scenes},
  author={Liu, Jia-Wei and Cao, Yan-Pei and Mao, Weijia and Zhang, Wenqiao and Zhang, David Junhao and Keppo, Jussi and Shan, Ying and Qie, Xiaohu and Shou, Mike Zheng},
  journal={Advances in Neural Information Processing Systems},
  volume={35},
  pages={36762--36775},
  year={2022}
}